<?xml version="1.0" encoding="UTF-8"?><collection xmlns="http://www.loc.gov/MARC21/slim"><record><leader>00436nam--2200169-i-4500</leader><controlfield tag="001">000018573</controlfield><controlfield tag="002">20161230</controlfield><controlfield tag="005">20170111223607</controlfield><controlfield tag="008">060222s1000------------r-----000-0-eng-d</controlfield><datafield ind1=" " ind2=" " tag="100"><subfield code="a">Fletcher, A</subfield></datafield><datafield ind1=" " ind2=" " tag="245"><subfield code="a">An index of mathematical tables. Introduction</subfield></datafield><datafield ind1=" " ind2=" " tag="250"><subfield code="a">2nd edition</subfield></datafield><datafield ind1=" " ind2=" " tag="260"><subfield code="a">Oxford</subfield><subfield code="b">Blakwell Sci.Publ.Ltd</subfield><subfield code="c">1962</subfield></datafield><datafield ind1=" " ind2=" " tag="300"><subfield code="a">XI + 994 p</subfield></datafield><datafield ind1=" " ind2=" " tag="490"><subfield code="v">vol. 1</subfield></datafield><datafield ind1=" " ind2=" " tag="852"><subfield code="a">17560</subfield><subfield code="c">518.2</subfield></datafield><datafield ind1=" " ind2=" " tag="CAT"><subfield code="a">SYS</subfield><subfield code="c">20170111</subfield><subfield code="h">223607</subfield></datafield></record></collection>